@misc{elliptic_js,
  title = {Elliptic JavaScript and Node.js code examples},
  author = {Tabnine},
  year = {2024},
  howpublished = {Online},
  url = {https://www.tabnine.com/code/javascript/modules/elliptic}
}


@misc{gillis_diffie_hellman_2024,
  author = {Alexander S. Gillis},
  title = {Diffie-Hellman key exchange},
  year = {2024},
  howpublished = {Online},
  publisher = {TechTarget},
  url = {https://www.techtarget.com/searchsecurity/definition/Diffie-Hellman-key-exchange}
}

