@misc{7.users-designs.pptx,
  title = {7.users-designs.pptx},
  howpublished = {Canvas}
}
